 
Bibtex (bib) file for the thesis style document.
 
@string{Knuth="Donald E. Knuth"}
 
@article{wilson1993design,
  title={Design and evaluation of a continuous interleaved sampling (CIS) processing strategy for multichannel cochlear implants},
  author={Wilson, Blake S and Finley, Charles C and Lawson, Dewey T and Wolford, Robert D and Zerbi, Mariangeli},
  journal={Journal of rehabilitation research and development},
  volume={30},
  pages={110--110},
  year={1993},
  publisher={Citeseer}
}

@article{somek2006coding,
  title={Coding strategies for cochlear implants},
  author={Somek, Branko and Fajt, Sini{\v{s}}a and Dembitz, Ana and Ivkovi{\'c}, Mladen and Ostoji{\'c}, Jasmina},
  journal={AUTOMATIKA: {\v{c}}asopis za automatiku, mjerenje, elektroniku, ra{\v{c}}unarstvo i komunikacije},
  volume={47},
  number={1-2},
  pages={69--74},
  year={2006},
  publisher={KoREMA-Hrvatsko dru{\v{s}}tvo za komunikacije, ra{\v{c}}unarstvo, elektroniku, mjerenja i automatiku}
}


 
 
